% === PRIMARY ACCIDENT REPORTS (ESSENTIAL CONTEXT & PHENOMENA) ===
@book{INSAG7,
  author    = "{International Atomic Energy Agency}",
  title     = "{INSAG-7: The Chernobyl Accident: Updating of INSAG-1}",
  publisher = "{IAEA}",
  year      = {1992},
  series    = "{International Nuclear Safety Advisory Group Safety Series}",
  number    = {75-INSAG-7},
  address   = {Vienna},
  note      = {ISBN 92-0-104692-8}
}

% === FOUNDATIONAL REACTOR PHYSICS TEXTBOOKS (CORE EQUATION DERIVATIONS) ===
@book{Duderstadt1976,
  author    = {Duderstadt, James J. and Hamilton, Louis J.},
  title     = {Nuclear Reactor Analysis},
  publisher = {Wiley},
  year      = {1976},
  address   = {New York},
  isbn      = {978-0471223634}
}

@book{Lewis2008,
  author    = {Lewis, Elmer E.},
  title     = {Fundamentals of Nuclear Reactor Physics},
  publisher = {Academic Press},
  year      = {2008},
  address   = {Amsterdam; Boston},
  isbn      = {978-0123706317}
}

@book{Stacey2007,
  author    = {Stacey, Weston M.},
  title     = {Nuclear Reactor Physics},
  publisher = {Wiley-VCH},
  year      = {2007},
  edition   = {2nd},
  address   = {Weinheim},
  isbn      = {978-3527406791}
}

% === RECENT COMPUTATIONAL STUDIES (VALIDATION & MODERN CONTEXT) ===
@article{Uspuras2015,
  author  = {Uspuras, E. and Kaliatka, A. and Vainiunas, P.},
  title   = {Analysis of Chernobyl Accident Using a Coupled 3D Neutronics/Thermal Hydraulics Code},
  journal = {Science and Technology of Nuclear Installations},
  year    = {2015},
  volume  = {2015},
  pages   = {536963},
  doi     = {10.1155/2015/536963},
  url     = {https://www.hindawi.com/journals/stni/2015/536963/}
}

% === ONLINE EDUCATIONAL RESOURCES (ACCESSIBLE EXPLANATIONS) ===
@misc{NP_PointKinetics,
  author       = "{Nuclear Power}",
  title        = {{Point Kinetics Equations}},
  howpublished = {\url{https://www.nuclear-power.com/nuclear-power/reactor-physics/reactor-dynamics/point-kinetics-equations/}},
  year         = {2024}
}

@misc{NP_Chernobyl,
  author       = "{Nuclear Power}",
  title        = {What happened during the Chernobyl disaster?},
  howpublished = {\url{https://www.nuclear-power.com/what-happened-during-the-chernobyl-disaster/}},
  year         = {2024}
}

@misc{NP_Xenon,
  author       = "{Nuclear Power}",
  title        = {Xenon 135 - Fission Poison},
  howpublished = {\url{https://www.nuclear-power.com/nuclear-power/reactor-physics/reactor-operation/xenon-135/}},
  year         = {2024}
}

@misc{NP_Doppler,
  author       = "{Nuclear Power}",
  title        = {{Fuel Temperature Coefficient -- Doppler Coefficient -- DTC}},
  howpublished = {\url{https://www.nuclear-power.com/nuclear-power/reactor-physics/nuclear-fission-chain-reaction/reactivity-coefficients-reactivity-feedbacks/fuel-temperature-coefficient-doppler-coefficient/}},
  year         = {2024}
}

% === RBMK DESIGN AND OFFICIAL REPORTS ===
@misc{WNA_RBMK,
  author       = "{World Nuclear Association}",
  title        = {RBMK Reactors -- Appendix to Nuclear Power Reactors},
  howpublished = {\url{https://world-nuclear.org/information-library/appendices/rbmk-reactors}},
  year         = {2025}
}

@misc{NEA_Chapter1,
  author       = "{Nuclear Energy Agency}",
  title        = {Chernobyl: Chapter I. The Site and Accident Sequence},
  howpublished = {\url{https://www.oecd-nea.org/jcms/pl_28271/chernobyl-chapter-i-the-site-and-accident-sequence}},
  year         = {2025}
}

% === MULTIDIMENSIONAL/ACCIDENT ANALYSIS REPORTS ===
@misc{Malko2002,
  author       = {Malko, Mikhail V.},
  title        = {The Chernobyl Reactor: Design Features and Reasons for Accident},
  howpublished = {\url{https://www.rri.kyoto-u.ac.jp/NSRG/reports/kr79/kr79pdf/Malko1.pdf}},
  year         = {2002}
}

@misc{INIS_Multidimensional,
  author       = {Chan, P. S. W. and Dastur, A. R. and Grant, S. D. and Hopwood, J. M. and Chexal, B.},
  title        = {Multidimensional Analysis of the Chernobyl Accident},
  howpublished = {\url{https://inis.iaea.org/records/6t7kr-tv062/files/22069564.pdf}},
  year         = {2006},
  note         = {AECL/EPRI}
}